@incollection{frommer2008matrix,
  title={Matrix functions},
  author={Frommer, Andreas and Simoncini, Valeria},
  booktitle={Model order reduction: theory, research aspects and applications},
  pages={275--303},
  year={2008},
  publisher={Springer}
}